@inproceedings{ren2015faster,
  title={Faster r-cnn: Towards real-time object detection with region proposal networks},
  author={Ren, Shaoqing and He, Kaiming and Girshick, Ross and Sun, Jian},
  booktitle={Advances in neural information processing systems},
  pages={91--99},
  year={2015}
}

@article{naphade2017nvidia,
  title={The NVIDIA AI city challenge},
  author={Naphade, Milind and Anastasiu, David C and Sharma, Anuj and Jagrlamudi, Vamsi and Jeon, Hyeran and Liu, Kaikai and Chang, Ming-Ching and Lyu, Siwei and Gao, Zeyu},
  journal={IEEE Smart-World, Ubiquitous Intelligence \& Computing, Advanced \& Trusted Computed, Scalable Computing \& Communications, Cloud \& Big Data Computing, Internet of People and Smart City Innovation (Smart-World/SCALCOM/UIC/ATC/CBDCom/IOP/SCI)},
  year={2017}
}

@inproceedings{morar2012image,
  title={Image segmentation based on active contours without edges},
  author={Morar, Anca and Moldoveanu, Florica and Gr{\"o}ller, Eduard},
  booktitle={2012 IEEE 8th International Conference on Intelligent Computer Communication and Processing},
  pages={213--220},
  year={2012},
  organization={IEEE}
}

@article{redmon2018yolov3,
  title={Yolov3: An incremental improvement},
  author={Redmon, Joseph and Farhadi, Ali},
  journal={arXiv preprint arXiv:1804.02767},
  year={2018}
}

@inproceedings{giannakeris2018speed,
  title={Speed estimation and abnormality detection from surveillance cameras},
  author={Giannakeris, Panagiotis and Kaltsa, Vagia and Avgerinakis, Konstantinos and Briassouli, Alexia and Vrochidis, Stefanos and Kompatsiaris, Ioannis},
  booktitle={Proceedings of the IEEE Conference on Computer Vision and Pattern Recognition Workshops},
  pages={93--99},
  year={2018}
}

@article{zhang2019deep,
  title={Deep Reinforcement Learning for Query-Conditioned Video Summarization},
  author={Zhang, Yujia and Kampffmeyer, Michael and Zhao, Xiaoguang and Tan, Min},
  journal={Applied Sciences},
  volume={9},
  number={4},
  pages={750},
  year={2019},
  publisher={Multidisciplinary Digital Publishing Institute}
}

@inproceedings{wei2018unsupervised,
  title={Unsupervised anomaly detection for traffic surveillance based on background modeling},
  author={Wei, JiaYi and Zhao, JianFei and Zhao, YanYun and Zhao, ZhiCheng},
  booktitle={Proceedings of the IEEE Conference on Computer Vision and Pattern Recognition Workshops},
  pages={129--136},
  year={2018}
}


@inproceedings{tang2018single,
  title={Single-camera and inter-camera vehicle tracking and 3D speed estimation based on fusion of visual and semantic features},
  author={Tang, Zheng and Wang, Gaoang and Xiao, Hao and Zheng, Aotian and Hwang, Jenq-Neng},
  booktitle={Proceedings of the IEEE Conference on Computer Vision and Pattern Recognition Workshops},
  pages={108--115},
  year={2018}
}


@inproceedings{mahadevan2010anomaly,
  title={Anomaly detection in crowded scenes},
  author={Mahadevan, Vijay and Li, Weixin and Bhalodia, Viral and Vasconcelos, Nuno},
  booktitle={Computer Vision and Pattern Recognition (CVPR), 2010 IEEE Conference on},
  pages={1975--1981},
  year={2010},
  organization={IEEE}
}



@inproceedings{liu2016ssd,
  title={Ssd: Single shot multibox detector},
  author={Liu, Wei and Anguelov, Dragomir and Erhan, Dumitru and Szegedy, Christian and Reed, Scott and Fu, Cheng-Yang and Berg, Alexander C},
  booktitle={European conference on computer vision},
  pages={21--37},
  year={2016},
  organization={Springer}
}

@article{DBLP:journals/corr/HeGDG17,
  author    = {Kaiming He and
               Georgia Gkioxari and
               Piotr Doll{\'{a}}r and
               Ross B. Girshick},
  title     = {Mask {R-CNN}},
  journal   = {CoRR},
  volume    = {abs/1703.06870},
  year      = {2017},
  url       = {http://arxiv.org/abs/1703.06870},
  archivePrefix = {arXiv},
  eprint    = {1703.06870},
  timestamp = {Mon, 13 Aug 2018 16:46:36 +0200},
  biburl    = {https://dblp.org/rec/bib/journals/corr/HeGDG17},
  bibsource = {dblp computer science bibliography, https://dblp.org}
}


@inproceedings{bewley2016simple,
  title={Simple online and realtime tracking},
  author={Bewley, Alex and Ge, Zongyuan and Ott, Lionel and Ramos, Fabio and Upcroft, Ben},
  booktitle={2016 IEEE International Conference on Image Processing (ICIP)},
  pages={3464--3468},
  year={2016},
  organization={IEEE}
}


@article{DBLP:journals/corr/LinMBHPRDZ14,
  author    = {Tsung{-}Yi Lin and
               Michael Maire and
               Serge J. Belongie and
               Lubomir D. Bourdev and
               Ross B. Girshick and
               James Hays and
               Pietro Perona and
               Deva Ramanan and
               Piotr Doll{\'{a}}r and
               C. Lawrence Zitnick},
  title     = {Microsoft {COCO:} Common Objects in Context},
  journal   = {CoRR},
  volume    = {abs/1405.0312},
  year      = {2014},
  url       = {http://arxiv.org/abs/1405.0312},
  archivePrefix = {arXiv},
  eprint    = {1405.0312},
  timestamp = {Mon, 13 Aug 2018 16:48:13 +0200},
  biburl    = {https://dblp.org/rec/bib/journals/corr/LinMBHPRDZ14},
  bibsource = {dblp computer science bibliography, https://dblp.org}
}

@manual{aicitychallenge,
      title  = "AI City Challenge",
      author = "NVIDA Inc.",
      note    = "\url{https://www.aicitychallenge.org/2019-data-sets/}",
      year   = "2019"
    }