@inproceedings{ren2015faster,
  title={Faster r-cnn: Towards real-time object detection with region proposal networks},
  author={Ren, Shaoqing and He, Kaiming and Girshick, Ross and Sun, Jian},
  booktitle={Advances in neural information processing systems},
  pages={91--99},
  year={2015}
}

@article{naphade2017nvidia,
  title={The NVIDIA AI city challenge},
  author={Naphade, Milind and Anastasiu, David C and Sharma, Anuj and Jagrlamudi, Vamsi and Jeon, Hyeran and Liu, Kaikai and Chang, Ming-Ching and Lyu, Siwei and Gao, Zeyu},
  journal={IEEE Smart-World, Ubiquitous Intelligence \& Computing, Advanced \& Trusted Computed, Scalable Computing \& Communications, Cloud \& Big Data Computing, Internet of People and Smart City Innovation (Smart-World/SCALCOM/UIC/ATC/CBDCom/IOP/SCI)},
  year={2017}
}